@BOOK{patternRecognition,
   AUTHOR  = {Sergios Theodoridis and Konstantinos Koutroumbas}, 
   TITLE   = {Pattern recognition},
   PUBLISHER = {Academic Press},
   YEAR    = {2006},
}

@MISC{faqColorPhysics, 
	TITLE  = {Frequently asked questions about Colour Physics},
	AUTHOR = {Stephen Westland},
	YEAR   = {2000},
	URL    = {http://www.colourware.co.uk/cpfaq.htm},
	ANNOTE = {Used the "What is CIE 1976 (L* a* b*) colour space?"
		entry in the FAQ},
}

@MISC{hyperImageProRef,
	TITLE  = {Hypermedia Image Processing Reference},
	AUTHOR = {Bob Fisher and Simon Perkins and
	   			Ashley Walker and Erik Wolfart},
	YEAR   = {1994},
	URL    = {http://www.cee.hw.ac.uk/hipr/html/hipr_top.html},
	ANNOTE = {Used figures from the explanation of the erode and 
				dilate morphological operations.}
}

@MISC{connectedComponentsLabeling,
	TITLE  = {Connected Components Labeling},
	AUTHOR = {R. Fisher and S. Perkins and A. Walker and E. Wolfart},
	YEAR   = {2003},
	URL    = {http://homepages.inf.ed.ac.uk/rbf/HIPR2/label.htm}, 
}

@MISC{wikiImageMoments,
	TITLE  = {Image moments},
	AUTHOR = {Wikipedia},
	YEAR   = {2006},
	URL    = {http://en.wikipedia.org/wiki/Image_moments},
	ANNOTE = {Definition and description of Image Moments, and some
		of the (translation, scale and rotation) invariat variations
		of these.},
}

@MISC{wikiCIELAB,
	TITLE  = {Lab color space},
	AUTHOR = {Wikipedia},
	YEAR   = {2006},
	URL    = {http://en.wikipedia.org/wiki/Lab_color_space},
	ANNOTE = {Description of the CIE L*a*b* color space, including 
		how to convert to and from the XYZ color space.}
}

@MISC{wikiColorSpace,
	TITLE  = {Color space},
	AUTHOR = {Wikipedia},
	YEAR   = {2006},
	URL    = {http://en.wikipedia.org/wiki/Color_space}
}

@MISC{wikiConvolutionTheorem,
	TITLE  = {Convolution Theorem},
	AUTHOR = {Wikipedia},
	YEAR   = {2006},
	URL    = {http://en.wikipedia.org/wiki/Convolution_theorem},
	ANNOTE = {A proof of the convolution theorem.}
}


@ARTICLE{sciam:trebuchet,
   AUTHOR  = {Chevedden, Paul E. and Eigenbrod, Les}, 
   TITLE   = {The Trebuchet},
   JOURNAL = {Scientific American},
   YEAR    = {1995},
   VOLUME  = {273},
   NUMBER  = {1},
   PAGES   = {66},
   ANNOTE  = {God introduktion til blidens historie, og hvordan 
				maskinen har haft indflydelse på verdenen. 
				Beskriver blidens virkemåde og hvor\-dan forskellige 
				forbedringer har gjort bliden mere effektiv.},
}

@MISC{wikiTreb,
	TITLE  = {Trebuchet},
	AUTHOR = {Wikipedia},
	YEAR   = {2006},
	URL    = {http://en.wikipedia.org/wiki/Trebuchet},
}

@MISC{TrebMath,
	TITLE  = {Trebuchet mechanics},
	AUTHOR = {Donald B. Siano},
	YEAR   = {2001},
	URL    = {http://www.algobeautytreb.com/trebmath35.pdf},
	PAGES  = {58},
	ANNOTE = {Grundig gennemgang af blidens mekanik,
				er udgangspunktet for dette bachelor projekt.
				Siano gennemgår forskellige simuleringsmodeller for
				en blide, og undersøger hvordan de forskellige
				forbedringer (slynge og hængslet ballast) påvirker
				virkningsgraden.},
}

@ARTICLE{IllVid:Trebuchet,
	TITLE  = {Fortidens dr\ae{}bermaskine sl\aa{}r til igen},
	AUTHOR = {Peter Vemming},
    JOURNAL= {Illustreret Videnskab},
	YEAR   = {1996},
	NUMBER = {3},
	PAGES  = {34-37},
	ANNOTE = {Den artikel der indledte min interesse for blider.
	   			Artiklen beskriver, hvordan bliden blev benyttet, og
   				nogle af blidens fordele (træfsikkerhed m.m.), men 
				fortæller ikke særlig meget om mekanikken bag.},
}

@ARTICLE{amJPhy:DimAnalysis,
   AUTHOR  = {James F. Price}, 
   TITLE   = {Dimensional analysis of models and data sets},
   JOURNAL = {American Journal of Physics},
   YEAR    = {2003},
   VOLUME  = {71},
   NUMBER  = {5},
   PAGES   = {437-447},
}
//   ANNOTE  = {Dimensions analyse.},

@ARTICLE{amJPhy:DoublePendulum,
   AUTHOR  = {Troy Shinbrot and Celso Grebogi and Jack Wisdom and James A. Yorke}, 
   TITLE   = {Chaos in a double pendulum},
   JOURNAL = {American Journal of Physics},
   YEAR    = {1992},
   VOLUME  = {60},
   NUMBER  = {6},
   PAGES   = {491-499},
   ANNOTE  = {Eksperimentel og nummerisk undersøgelse af et dobbelt
   				pendul. Der påvises kaotisk opførsel i begge
					systemer. Desuden vises det at usikkerheden
					vokser med en faktor af størrelsesordnen 
					$e^8$ pr. sekund.}
}

@BOOK{PeterLaut,
   AUTHOR  = {Peter Laut}, 
   TITLE   = {Indføring i dimensionsanalyse og modelteori},
   PUBLISHER = {Danmarks ingeniørakademi},
   YEAR    = {2222},
   ANNOTE  = {Notesamling lånt af Per Lyngs.}, 
}

@BOOK{Goldstein,
   AUTHOR  = {Herbert Goldstein}, 
   TITLE   = {Classical Mechanics, second edition},
   PUBLISHER = {Addison-Wesley},
   YEAR    = {1980},
}

@ARTICLE{Buckingham,
   AUTHOR  = {Edgar Buckingham}, 
   TITLE   = {On Physically Similar Systems; Illustrations of the Use of Dimensional Equations},
   JOURNAL = {Physical Review},
   YEAR    = {1914},
   VOLUME  = {4},
   NUMBER  = {4},
   PAGES   = {345-357},
}

@BOOK{DM17,
   AUTHOR  = {Harry J. Lewis and Christos H. Papadimitriou}, 
   TITLE   = {Elements of the theory of computation, second edition},
   PUBLISHER = {Prentice Hall},
   YEAR    = {1998},
   ANNOTE  = {Bog anvendt til kurset "Automatteori og beregnelighed"
			   (DM17) i efteråret 2005.},
}

@Mastersthesis{Wraa,
   AUTHOR  = {Morten Wraa}, 
   TITLE   = {Hamilton-Jacobi-ligningen i generel fysik},
   PUBLISHER = {Syddansk Universitet, Fysisk Institut},
   YEAR    = {1997},
   ANNOTE  = {Speciale rapport omhandlende Hamilton--Jacobi
			   ligningen. Indeholder flere gode eksempler og er derfor meget
			   relevant i denne opgave.},
}


@ARTICLE{counterweighttreb,
   AUTHOR  = {Paul E. Chevedden}, 
   TITLE   = {The Invention of the Counterweight Trebuchet: A Study in Cultural Diffusion},
   JOURNAL = {Dumbarton Oaks Papers},
   YEAR    = {2000},
   NUMBER  = {54},
   URL     = {http://www.doaks.org/DOP54/DP54ch4.pdf},
}

@BOOK{edmund,
   AUTHOR  = {Edmund Christiansen}, 
   TITLE   = {Numerisk analyse},
   PUBLISHER = {Institut for Matematik og Datalogi, Syddansk
	   Universitet},
   YEAR    = {1999},
   ANNOTE  = {Bog anvendt til faget "Numerisk Analyse". Fra bogen
	   			har jeg hentet en fjerde ordens Runge--Kutta metode, 
				samt teknikken til Richardson ekstrapolation.},
}

@ARTICLE{empty,
   AUTHOR  = {}, 
   TITLE   = {},
   JOURNAL = {},
   YEAR    = {},
   VOLUME  = {},
   NUMBER  = {},
   PAGES   = {},
}
